2962 4924
562 340 739 409 nnemtea
756 344 810 395 vn
1194 348 1244 421 09

112 520 211 605 piosa
248 520 334 584 inter
370 536 483 584 nervos
516 514 782 603 lcngtudimliter
811 520 925 585 eerlsta
954 520 1243 610 oblongoelliptioe

113 627 228 692 medio
254 627 404 690 rimulam
430 622 734 713 lineari-oblongam
763 629 975 705 ostendentis,
1007 631 1089 695 inter
1111 637 1241 697 cellulas

114 738 322 815 epidffme‘dis
348 744 398 799 sat
418 733 530 818 longas
549 728 696 819 utrinque
716 745 874 801 trunam
895 737 1137 822 roctangulares,
1155 760 1239 801 mar-

115 841 194 926 gine
217 841 556 926 serrulam-crispulus,
576 841 715 927 ‘copiosa
743 843 777 905 in
803 842 898 907 latere
927 845 1029 908 antico
1057 847 1238 931 angustiore

116 948 219 1025 nulla,
242 949 303 1012 sed
321 952 453 1012 aeaeae
473 951 669 1029 epidermidt'r
695 948 819 1015 latiores
841 951 1089 1036 subquadralae3
1115 957 1237 1034 pedara·

118 1061 189 1119 cali
209 1044 389 1120 terminales
413 1056 469 1120 sed
481 1053 565 1119 feliis
580 1054 734 1140 plurimis,
753 1057 928 1134 emarcidis,
945 1059 1086 1124 evanidis
1100 1069 1132 1122 et
1150 1080 1238 1124 rame

118 1164 245 1227 axillari
259 1164 387 1228 evolute
404 1158 588 1249 plerumque
605 1161 684 1227 false
696 1163 840 1228 axillams
855 1165 1114 1235 antemurales
1138 1167 1236 1231 stricti

120 1272 232 1347 crecti
262 1271 379 1335 eschili
403 1269 478 1334 folia
502 1268 596 1354 lenge
617 1282 813 1355 superantes,
845 1272 913 1337 basi
935 1273 1059 1358 vaginis
1080 1279 1164 1336 3-5
1186 1273 1236 1337 in-

123 1376 221 1451 clusi,
250 1377 323 1440 dein
345 1377 436 1463 longe
460 1377 560 1454 liberi,
595 1377 683 1453 nudi,
714 1376 1094 1466 rhomboides-tetragoni,
1124 1400 1235 1445 verens

129 1483 253 1569 apicem
271 1484 392 1569 numne
408 1484 500 1561 binis,
517 1484 683 1571 oppositis,
692 1484 862 1562 latioribus,
878 1488 1065 1574 compressis
1090 1486 1234 1551 sub-bia-

127 1582 197 1666 liei,
219 1596 341 1655 12-18
359 1593 431 1678 poll.
452 1592 550 1678 longi,
569 1595 762 1667 0,05-0‚os
783 1594 856 1680 poll.
881 1595 934 1659 lati
955 1594 1134 1681 glaberrimi
1153 1593 1235 1659 laete

124 1698 251 1775 virides,
279 1699 327 1763 uti
348 1711 381 1764 et
408 1698 492 1776 felia,
517 1698 785 1783 longimdinaliter
810 1703 954 1787 parallele
971 1702 1233 1768 nervom-senna

121 1815 154 1870 et
171 1815 246 1870 ante
263 1827 377 1871 nervos
399 1805 559 1891 eleganter
584 1827 601 1870 e
621 1806 804 1870 stomatibus
822 1809 944 1874 seriatis
964 1810 1114 1896 punctati,
1136 1804 1231 1873 lucidi

119 1913 329 1989 umbelliferi3
359 1919 493 1995 uaginae
510 1913 689 1997 inaequales
715 1913 878 1999 aphylllae‚
910 1919 1076 1999 inferiores
1096 1916 1232 1980 breviter

11 2106 12 2111 ἵ
119 2021 474 2107 oblongo-lanceolatae,
483 2021 689 2097 acuminatas,
704 2022 796 2084 dorso
809 2021 1005 2097 bicarinatae‚
1025 2021 1094 2085 basi
1112 2042 1229 2098 mesae,

11 2192 13 2221 ι
120 2150 233 2194 versus
253 2129 377 2214 apicem
397 2129 515 2193 sensim
533 2127 765 2204 viridemmtes,
788 2126 919 2205 lucidae,
937 2128 1152 2213 glaberrimue,
1171 2149 1229 2191 an-

11 2228 13 2281 2
119 2237 181 2300 tice
200 2237 298 2301 fissae
315 2246 450 2322 apertae,
477 2234 621 2321 pollicem
638 2235 723 2299 haud
743 2234 855 2320 longae
875 2247 931 2300 aut
949 2236 1003 2301 vix
1025 2236 1229 2312 excedentem

11 2376 13 2431 4
119 2350 293 2427 superiores
320 2344 437 2408 sensim
458 2343 614 2428 longiome
633 2342 766 2420 clausae,
797 2343 1008 2429 pedunculum
1027 2355 1111 2410 arcte
1128 2344 1228 2410 inclu-

121 2453 242 2528 dentes,
267 2451 360 2536 eique
383 2451 429 2514 ita
456 2451 638 2527 semermes,
669 2462 706 2515 ut
725 2451 779 2515 vix
800 2453 844 2517 ab
863 2475 900 2516 eo
924 2453 1077 2537 distingui
1096 2453 1227 2538 possint,

124 2559 215 2644 apice
230 2557 355 2643 oblique
379 2557 555 2635 abscissae,
582 2557 692 2623 salium
721 2559 897 2624 abortivum
918 2560 1074 2644 fingentes
1093 2570 1126 2624 et
1144 2581 1228 2623 mar-

120 2667 198 2752 gine
212 2666 475 2741 membranaceae,
493 2665 687 2729 acuminatas
696 2663 801 2747 ibique
824 2674 1060 2741 marcescentes,
1079 2669 1227 2740 2‚0-2‚5

11 2818 13 2841 .
119 2775 193 2863 pell.
219 2773 352 2859 longae3
373 2775 465 2856 folia
476 2777 612 2860 floralia
638 2782 684 2836 tct
707 2781 782 2854 quot
807 2771 962 2835 umbellas
978 2771 1229 2854 umbellulneque

117 2883 211 2958 radii,
238 2881 348 2965 eisque
380 2881 512 2946 evolutis
541 2879 639 2943 multo
676 2878 826 2955 breviora,
855 2878 1071 2943 etsi-externa
1096 2874 1226 2940 internis

117 2992 249 3076 majora,
270 2989 340 3053 basi
357 2988 537 3073 vaginantia
555 2986 896 3071 semiamplexicaulia,
909 2985 1145 3053 membranacea
1157 2985 1225 3049 lan·

116 3097 393 3172 ceolam-linearia,
421 3094 556 3181 longiter
582 3104 614 3159 et
630 3103 773 3179 anguste
799 3093 1110 3171 lineari-acuminata,
1133 3094 1227 3180 plana

117 3226 232 3271 versus
256 3203 377 3289 apicem
399 3202 616 3286 subtriquetra,
637 3202 757 3279 viridia,
779 3202 897 3286 glabra,
926 3203 1017 3268 dorso
1037 3213 1069 3268 et
1085 3202 1226 3287 margine

116 3315 240 3377 minute
261 3322 435 3376 antrcrsum
454 3310 577 3386 scabra3
604 3321 765 3373 catanam
787 3311 959 3375 maximum
986 3302 1134 3388 0,5'-0‚7
1152 3306 1226 3396 poll,

115 3420 250 3504 longum
257 3442 266 3495 3
295 3424 422 3483 isarna
447 3418 564 3483 sensim
590 3418 709 3482 minora
736 3429 767 3483 et
795 3420 977 3504 augustinns
997 3419 1150 3495 subulata,
1172 3418 1226 3483 vix

117 3533 166 3606 0,1
190 3527 265 3614 pell.
287 3527 396 3612 longa3
419 3531 524 3590 emnia
545 3537 618 3592 ante
636 3524 778 3590 anthesin
791 3537 893 3589 erecta
912 3536 1033 3612 vegeta,
1051 3527 1085 3589 in
1104 3526 1225 3590 anthesi

117 3637 263 3723 patentia
282 3646 313 3701 et
338 3634 562 3721 patentissima,
584 3633 749 3708 emeratis,
773 3633 961 3717 ferruginea,
990 3644 1062 3719 post
1081 3634 1224 3697 antheein

118 3745 194 3810 dein
213 3741 366 3818 evanida3
397 3744 547 3805 umbellas
577 3745 697 3804 10-11
719 3740 856 3805 radiatae
883 3742 965 3805 cirea
983 3740 1099 3826 spicam
1118 3741 1225 3804 termi-

118 3853 224 3917 nalem
244 3846 387 3914 sessilem
394 3874 404 3927 3
426 3853 513 3913 radii
525 3848 593 3913 basi
611 3848 760 3933 vaginula
776 3854 827 3924 0‚1
848 3848 919 3933 pell.
938 3849 1041 3932 longa,
1061 3852 1136 3923 0‚02
1151 3846 1224 3932 poll.

117 3961 182 4024 lata
203 3966 347 4023 tnmca'ta
366 3955 545 4021 viridi-albe
565 3956 668 4020 lucida
685 3948 787 4033 cincti,
809 3954 1129 4039 tereti-subtetragoni
1149 3954 1225 4018 viri-

13 4118 14 4127 ,
118 4068 187 4144 des,
215 4066 258 4131 ad
281 4065 414 4150 angulos
442 4073 617 4129 antrcrsum
641 4064 750 4141 scabri,
777 4064 878 4149 primo
898 4062 1002 4140 erecti,
1023 4072 1096 4127 ante
1116 4064 1225 4128 anthe-

13 4172 16 4197 '
119 4176 169 4240 sin
198 4166 677 4257 malagmate-conniventes,
702 4172 775 4237 dein
793 4181 945 4257 patentes,
967 4169 1175 4257 patentissimi
1196 4180 1230 4237 et.
1310 4208 1312 4213 .

119 4281 294 4360 divaricati,
316 4280 436 4345 externi
457 4280 524 4345 bini
536 4280 703 4367 longiores,
726 4285 872 4356 0‚8-1,2
894 4279 966 4363 poll.
989 4278 1085 4363 longi,
1105 4280 1228 4345 umbel-
