2962 4924
616 897 675 1003 L,
740 899 798 995 B.

147 1113 291 1269 Pauca
317 1176 450 1236 tantum
483 1175 576 1250 sunt,
615 1182 706 1257 quae
742 1162 967 1258 praefationis
1001 1163 1107 1239 instar
1138 1164 1265 1240 dicarn!

153 1310 254 1392 Quae
277 1312 435 1396 spectant
463 1304 504 1375 ad
532 1294 805 1396 descriptionem,
838 1300 872 1376 in
904 1301 1080 1375 schedulis
1114 1330 1265 1401 soquen-

156 1434 252 1505 tibns
279 1443 469 1520 contentas,
497 1430 561 1505 has
593 1456 716 1505 omnes
749 1436 939 1509 secundum
969 1431 1160 1531 specimina
1186 1432 1266 1513 viva

161 1560 298 1650 confeci,
332 1560 484 1658 indeque
514 1587 622 1658 saepe
656 1560 862 1637 occasiones
895 1562 977 1638 mibi
1001 1558 1108 1655 fuere,
1150 1562 1264 1641 varias

153 1700 279 1767 formas
304 1691 337 1766 in
364 1698 444 1766 loco
471 1691 693 1782 observandi,
719 1719 807 1789 quas
832 1699 980 1789 plantae,
1006 1694 1154 1773 diversis
1181 1695 1263 1773 viri-

149 1830 218 1899 bus
240 1823 394 1898 externis
412 1830 628 1919 compulsae,
647 1822 893 1923 adipiscuntur,
916 1850 938 1903 e
962 1825 1131 1901 herbariis
1153 1825 1266 1901 rarius

148 1961 277 2030 tantum
311 1952 597 2052 conspiciendas
649 1959 676 2028 E
707 1958 793 2029 Java
826 1954 971 2051 patriam
1001 1980 1165 2030 reversus
1197 1961 1262 2031 de-

149 2085 357 2186 scriptiones
387 2109 485 2158 meas
517 2089 632 2158 denuo
665 2112 743 2159 cunr
778 2083 873 2159 libris
908 2084 990 2159 inde
1017 2084 1128 2175 editis,
1151 2110 1261 2183 quan-

149 2232 219 2292 tum
245 2243 309 2292 eos
335 2214 517 2310 adtingere
534 2214 639 2311 potui,
655 2214 864 2312 comparavi,
890 2220 989 2312 qnod
1012 2229 1046 2290 et
1071 2242 1148 2291 cum
1178 2243 1261 2315 spe-

149 2347 331 2424 ciminibus
354 2345 457 2420 siccis
489 2343 668 2435 fecissem,
698 2346 728 2420 si
760 2345 956 2422 herbarium
982 2352 1026 2435 ad
1052 2374 1152 2423 usum
1178 2377 1258 2446 pro-

151 2478 266 2574 prium
288 2503 422 2552 mecum
450 2488 589 2572 portare
611 2503 818 2573 concessum
840 2478 988 2551 fnisset
1022 2484 1121 2553 Nunc
1146 2494 1261 2555 autem

154 2608 405 2682 incommodum
439 2609 507 2681 hoc
539 2607 615 2702 pari
644 2610 752 2681 modo
790 2605 865 2680 sine
900 2606 949 2680 ira
985 2614 1076 2682 ferre
1113 2610 1267 2686 necesse¹

150 2755 214 2828 est,
247 2765 315 2836 quo
341 2737 493 2811 muneris
529 2737 600 2815 mei
626 2736 659 2811 in
691 2740 791 2819 horto
825 2740 895 2811 bot.
926 2737 1130 2833 bogpriensi
1161 2745 1260 2815 nam-

84 2926 87 2933 2
149 2892 231 2943 nurn
254 2869 375 2965 patior,
406 2873 503 2965 qnod
532 2868 658 2945 actioni
693 2866 924 2949 autocraticae
944 2866 1260 2973 gubernatorisin-

150 2999 219 3075 dici
245 2999 481 3077 nederlandici
508 3004 637 3089 debeo,
660 3004 834 3077 adnnente
860 2997 1016 3077 ministro
1041 3020 1177 3077 summo
1202 3026 1261 3075 re-

148 3158 225 3206 rum
246 3130 468 3207 coloniarum.

247 3268 381 3337 Partem
422 3260 703 3336 observationum
736 3286 891 3334 mearum
929 3276 964 3335 et
984 3262 1260 3337 ⁴adnotationum

149 3391 303 3490 priorum
331 3399 404 3487 J'am
440 3391 499 3465 diu
533 3390 568 3465 in
600 3389 709 3464 diario
741 3391 990 3481 ratisbonensi,
1013 3397 1125 3489 ·qnod
1153 3398 1260 3487 vulgo

151 3521 284 3596 dicunt:
314 3526 483 3615 „Floro”
506 3535 540 3596 et
562 3510 597 3594 in
624 3527 732 3595 altero
759 3500 879 3610 diario,
904 3521 960 3596 c'ui
988 3546 1113 3598 nornen
1143 3527 1260 3621 „Tyd-

149 3652 267 3727 scbrib
307 3679 396 3727 voor
436 3657 638 3750 natnnrlyke
678 3649 927 3759 Gescbiedenis
966 3679 1010 3729 en
1040 3650 1260 3751 Physiologie

149 3782 357 3880 nitgegeven
384 3788 474 3897 door
496 3810 563 3858 van
590 3787 813 3857 derHoeven
833 3808 876 3857 en
902 3788 948 3857 de
973 3782 1117 3857 Vriese'’
1143 3781 1259 3880 publi-

148 3913 313 4003 cas-teci,
330 3918 463 4011 partem
487 3924 521 3989 et
545 3913 623 3989 aliis
643 3912 730 3989 locis
753 3926 790 3987 et
812 3911 1021 4011 inpropriis
1044 3911 1158 4000 libris.
1173 3938 1259 4007 quas

148 4071 271 4120 omnes
298 4045 396 4129 hisce
426 4044 529 4120 citavi
553 4041 888 4119 abbreviationibus:
1155 4028 1159 4035 ’

150 4181 313 4252 Ooerde
347 4151 592 4270 octonibbett‘np
624 4180 686 4249 der
720 4176 863 4248 inormte
884 4254 885 4259 ,
905 4170 939 4246 in
972 4178 1109 4271 planten
1144 4182 1258 4250 Batav,

97 4346 103 4355 .
198 4291 296 4361 1837
333 4287 385 4360 in:
418 4285 721 4381 Verbandebngen
754 4306 824 4357 van
852 4287 912 4357 het
937 4284 1164 4361 Bataviasche
1190 4291 1259 4359 Gu-
